% This file was created with JabRef 2.3.1.
% Encoding: UTF-8

@ARTICLE{chander-07,
  author = {A. Chander, D. Espinosa, N. Islan, P. Lee, and G. C. Necula},
  title = {Enforcing Resource Bounds via Static Verification of Dynamic Checks},
  journal = {ACM Trans. Program. Lang. Syst.},
  year = {2007},
  volume = {29},
  number = {5},
  owner = {posulliv},
  timestamp = {2009.02.21}
}

@article{binary-defense,
  title={{A Binary Rewriting Defense against Stack based Buffer Overflow Attacks}},
  author={Chiueh, M.P.T.},
  publisher={Citeseer}
}

@conference{rad01,
  title={{RAD: A compile-time solution to buffer overflow attacks}},
  author={Chiueh, T. and Hsu, F.H.},
  booktitle={International Conference on Distributed Computing Systems},
  volume={21},
  pages={409--420},
  year={2001},
  organization={IEEE Computer Society; 1999}
}


@ARTICLE{bishop-96,
  author = {M. Bishop and M. Dilger},
  title = {Checking for Race Conditions in File Accesses},
  journal = {Computing Systems},
  year = {1996},
  volume = {9},
  pages = {131-152},
  owner = {posulliv},
  timestamp = {2009.02.21}
}

@INPROCEEDINGS{stackguard-98,
  author = {C. Cowan, C. Pu, D. Maier, J. Walpole, P. Bakke, S. Beattie, A. Grier,
	P. Wagle, Q. Zhang, and H. Hinton},
  title = {StackGuard: Automatic Adaptive Detection and Prevention of Buffer-Overflow
	Attacks},
  booktitle = {Proc. 7th USENIX Security Symposium},
  year = {1998},
  pages = {63-78},
  organization = {USENIX Association},
  owner = {posulliv},
  timestamp = {2009.02.21}
}

@ARTICLE{erlingsson-07,
  author = {U. Erlingsson},
  title = {Low-level software security: Attacks and Defenses},
  journal = {Foundations of Security Analysis and Design IV},
  year = {2007},
  volume = {4677},
  pages = {92-134},
  owner = {posulliv},
  timestamp = {2009.02.18}
}

@PHDTHESIS{ulfar-04,
  author = {Ulfar Erlingsson},
  title = {The inlined reference monitor approach to security policy enforcement},
  school = {Cornell University},
  year = {2004},
  owner = {posulliv},
  timestamp = {2009.02.17}
}

@CONFERENCE{irm-00,
  author = {Ulfar Erlingsson and F. B. Schneider},
  title = {IRM Enforcement of Java Stack Inspection},
  booktitle = {IEEE Symposium on Security and Privacy},
  year = {2000},
  pages = {246-255},
  organization = {IEEE Computer Society},
  owner = {posulliv},
  timestamp = {2009.02.17}
}

@INPROCEEDINGS{sasi-99,
  author = {Ulfar Erlingsson and F. B. Schneider},
  title = {SASI enforcement of security policies: a retrospective},
  booktitle = {NSPW '99: Proceedings of the 1999 workshop on New security paradigms},
  year = {1999},
  pages = {87-95},
  organization = {ACM},
  owner = {posulliv},
  timestamp = {2009.02.17}
}

@article{isr-08,
  author = {Stephen W. Boyd, Gaurav S. Kc, Michael E. Locasto,
           Angelos D. Keromytis and Vassilis Prevelakis},
  title = {On The General Applicability of Instruction-Set Randomization},
  journal ={IEEE Transactions on Dependable and Secure Computing},
  volume = {99},
  number = {PrePrints},
  issn = {1545-5971},
  year = {2008},
  doi = {http://doi.ieeecomputersociety.org/10.1109/TDSC.2008.58},
  publisher = {IEEE Computer Society},
  address = {Los Alamitos, CA, USA}
}


@ARTICLE{systemf-99,
  author = {G. Morrisett, D. Walker, K. Crary, and N. Glew},
  title = {From System F to Typed Assembly Language},
  journal = {ACM Trans. Program. Lang. Syst.},
  year = {1999},
  volume = {21},
  pages = {527-568},
  number = {3},
  owner = {posulliv},
  timestamp = {2009.02.21}
}

@INPROCEEDINGS{garfinkel-03,
  author = {T. Garfinkel},
  title = {Traps and Pitfalls: Practical Problems in System Call Interposition
	Based Security Tools},
  booktitle = {Proc. of the Network and Distributed Systems Security Symposium},
  year = {2003},
  owner = {posulliv},
  timestamp = {2009.02.21}
}

@PHDTHESIS{hamlen-06,
  author = {K. W. Hamlen},
  title = {Security Policy Enforcement by Automated Program-Rewriting},
  school = {Cornell University},
  year = {2006},
  month = {August},
  owner = {posulliv},
  timestamp = {2009.02.17}
}

@INPROCEEDINGS{ham-06,
  author = {K. W. Hamlen, G. Morrisett, and F. B. Schneider},
  title = {Certified in-lined reference monitoring on .NET},
  booktitle = {PLAS '06: Proceedings of the 2006 workshop on Programming languages
	and analysis for security},
  year = {2006},
  pages = {7-16},
  organization = {ACM},
  owner = {posulliv},
  timestamp = {2009.02.17}
}

@ARTICLE{leroy-06,
  author = {X. Leroy},
  title = {Formal Certification of a Compiler Back-End or: Programming a Compiler
	with a Proof Assistant},
  journal = {SIGPLAN Not.},
  year = {2006},
  volume = {41},
  pages = {42-54},
  number = {1},
  owner = {posulliv},
  timestamp = {2009.02.21}
}

@INPROCEEDINGS{linn-03,
  author = {C. Linn and S. Debray},
  title = {Obfuscation of Executable Code to Improve Resistance to Static Disassembly},
  booktitle = {CCS '03: Proceedings of the 10th ACM Conference on Computer and Communications
	Security},
  year = {2003},
  pages = {290-299},
  organization = {ACM},
  owner = {posulliv},
  timestamp = {2009.02.21}
}

@INPROCEEDINGS{cfi-05,
  author = {M. Abadi, M. Budiu, U. Erlingsson, and J. Jigatti},
  title = {Control-flow integrity},
  booktitle = {CCS '05: Proceedings of the 12th ACM conference on Computer and communications
	security},
  year = {2005},
  pages = {340-353},
  organization = {ACM},
  owner = {posulliv},
  timestamp = {2009.02.17}
}

@INPROCEEDINGS{raja-05,
  author = {M. Rajagopalan, M. A. Hiltunen, T. Jim, and R. D. Schlichting},
  title = {Authenticated System Calls},
  booktitle = {DSN '05: Proceedings of the 2005 International Conference on Dependable
	Systems and Networks},
  year = {2005},
  pages = {358--367},
  organization = {IEEE Computer Society},
  owner = {posulliv},
  timestamp = {2009.02.21}
}

@TECHREPORT{mccamant-05,
  author = {S. McCamant and G. Morrisett},
  title = {Efficient, verifiable sandboxing for a CISC architecture},
  institution = {MIT Laboratory for Computer Science},
  year = {2005},
  owner = {posulliv},
  timestamp = {2009.02.17}
}

@ARTICLE{pcc02,
  author = {Necula, G. C.},
  title = {Proof-Carrying Code. Design and Implementation.},
  journal = {Proof and System Reliability},
  year = {2002},
  pages = {261--288},
  owner = {posulliv},
  timestamp = {2009.03.29}
}

@INPROCEEDINGS{pcc-97,
  author = {G. C. Necula},
  title = {Proof-carrying code},
  booktitle = {Conference Record of POPL '97: The 24th ACM SIGPLAN-SIGACT Symposium
	on Principles of Programming Languages},
  year = {1997},
  pages = {106-119},
  owner = {posulliv},
  timestamp = {2009.02.18}
}

@conference{pointguard,
  title={{PointGuardTM: Protecting pointers from buffer overflow vulnerabilities}},
  author={Cowan, C. and Beattie, S. and Johansen, J. and Wagle, P.},
  booktitle={Proc. of the 12th Usenix Security Symposium},
  year={2003}
}

@article{propolice,
  title={{propolice: Improved Stack-smashing Attack Detection.}},
  author={ETO, H. and Yoda, K.},
  journal={Transactions},
  volume={43},
  number={12},
  pages={4034--4041},
  year={2002}
}

@INPROCEEDINGS{provos-03,
  author = {N. Provos},
  title = {Improving host security with system call policies},
  booktitle = {SSYM '03: Proceedings of the 12th conference on USENIX Security Symposium},
  year = {2003},
  organization = {USENIX Association},
  owner = {posulliv},
  timestamp = {2009.02.21}
}

@INPROCEEDINGS{mcc-03,
  author = {R. Sekar, V. Venkatakrishnan, S. Basu, S. Bhatkar, and D. DuVarney},
  title = {Model-carrying code: A practical approach for safe execution of untrusted
	applications},
  booktitle = {ACM Symposium on Operating System Principles},
  year = {2003},
  owner = {posulliv},
  timestamp = {2009.02.18}
}

@INPROCEEDINGS{wahbe-93,
  author = {R. Wahbe, S. Lucco, T. E. Anderson, and S. L. Graham},
  title = {Efficient software-based fault isolation},
  booktitle = {SOSP'93: Proceedings of the fourteenth ACM symposium on Operating
	systems principles},
  year = {1993},
  pages = {203-216},
  organization = {ACM},
  owner = {posulliv},
  timestamp = {2009.02.17}
}

@INPROCEEDINGS{strata-02,
  author = {K. Scott and J. Davidson},
  title = {Safe virtual execution using software dynamic translation},
  booktitle = {ACSAC '02: Proceedings of the 18th Annual Computer Security Applications
	Conference},
  year = {2002},
  owner = {posulliv},
  timestamp = {2009.02.18}
}

@INPROCEEDINGS{garfinkel-04,
  author = {T. Garfinkel, B. Pfa, and M. Rosenblum},
  title = {Ostia: A delegating architecture for secure system call interposition},
  booktitle = {Proceedings of the 11th Network and Distributed Systems Security
	Symposium},
  year = {2004},
  owner = {posulliv},
  timestamp = {2009.02.17}
}

@ARTICLE{thompson-84,
  author = {Ken Thompson},
  title = {Reflections on trusting trust},
  journal = {Commun. ACM},
  year = {1984},
  volume = {27},
  pages = {761-763},
  number = {8},
  owner = {posulliv},
  timestamp = {2009.02.17}
}

@INPROCEEDINGS{ulfar-06,
  author = {Ulfar Erlingsson, M. Abadi, M. Vrable, M. Budiu, and G. C. Necula},
  title = {XFI: software guards for system address spaces},
  booktitle = {USENIX'06: Proceedings of the 7th USENIX Symposium on Operating Systems
	Design and Implementation},
  year = {2006},
  organization = {USENIX Association},
  owner = {posulliv},
  timestamp = {2009.02.17}
}

@INPROCEEDINGS{shepherd-02,
  author = {V. Kiriansky, D. Bruening, and S. P. Amarasinghe},
  title = {Secure execution via program shepherding},
  booktitle = {Proceedings of the 11th USENIX Security Symposium},
  year = {2002},
  pages = {191-206},
  organization = {USENIX Association},
  owner = {posulliv},
  timestamp = {2009.02.18}
}

@TECHREPORT{janus-99,
  author = {D. A. Wagner},
  title = {Janus: an approach for confinement of untrusted applications},
  institution = {University of California, Berkeley},
  year = {1999},
  owner = {posulliv},
  timestamp = {2009.02.17}
}

@INPROCEEDINGS{wagner-01,
  author = {D. Wagner and D. Dean},
  title = {Intrusion detection via static analysis},
  booktitle = {Proc of the IEEE Symposium on Security and Privacy},
  year = {2001},
  pages = {156-169},
  owner = {posulliv},
  timestamp = {2009.02.18}
}

@INPROCEEDINGS{zhou-04,
  author = {J. Zhou and G. Vigna},
  title = {Detecting Attacks that Exploit Application-Logic Errors Through Application-Level
	Audting},
  booktitle = {ACSAC '04: Proceedings of the 20th Annual Computer Security Applications
	Conference},
  year = {2004},
  pages = {168-178},
  organization = {IEEE Computer Society},
  owner = {posulliv},
  timestamp = {2009.02.21}
}

@comment{jabref-meta: selector_publisher:}

@comment{jabref-meta: selector_author:}

@comment{jabref-meta: selector_journal:}

@comment{jabref-meta: selector_keywords:}

